<record><leader>00000cas a2200000 a 4500</leader><controlfield tag="001">12294540</controlfield><controlfield tag="008">850723d19311933ksuwr ne      0    0eng d</controlfield><datafield ind1=" " ind2=" " tag="010"><subfield code="a">sn 85029525 </subfield></datafield><datafield ind1=" " ind2=" " tag="040"><subfield code="a">KSH</subfield><subfield code="b">eng</subfield><subfield code="c">KSH</subfield><subfield code="d">NPT</subfield><subfield code="d">OCL</subfield><subfield code="d">OCLCQ</subfield></datafield><datafield ind1=" " ind2=" " tag="042"><subfield code="a">msc</subfield></datafield><datafield ind1="0" ind2="4" tag="245"><subfield code="a">The Larned news.</subfield></datafield><datafield ind1=" " ind2=" " tag="260"><subfield code="a">Larned, Kan. :</subfield><subfield code="b">Larned News Co.,</subfield><subfield code="c">1931-1933.</subfield></datafield><datafield ind1=" " ind2=" " tag="300"><subfield code="a">2 v. :</subfield><subfield code="b">ill. ;</subfield><subfield code="c">54 cm.</subfield></datafield><datafield ind1=" " ind2=" " tag="310"><subfield code="a">Weekly</subfield></datafield><datafield ind1="0" ind2=" " tag="362"><subfield code="a">Vol. 53, no. 1 (Jan. 1, 1931)-v. 55, no. 51 (Nov. 30, 1933).</subfield></datafield><datafield ind1=" " ind2=" " tag="515"><subfield code="a">Issues for Nov. 16-30, 1933 numbered identical to Dec. 7-21, 1933 issues of Larned chronoscope (Larned, Kan. : 1933).</subfield></datafield><datafield ind1=" " ind2=" " tag="752"><subfield code="a">United States</subfield><subfield code="b">Kansas</subfield><subfield code="c">Pawnee</subfield><subfield code="d">Larned.</subfield></datafield><datafield ind1="0" ind2="0" tag="780"><subfield code="t">Larned chronoscope (Larned, Kan. : 1907)</subfield><subfield code="w">(DLC)sn 85029524</subfield></datafield><datafield ind1="0" ind2="0" tag="785"><subfield code="t">Larned chronoscope (Larned, Kan. : 1933)</subfield><subfield code="w">(DLC)sn 85029520</subfield></datafield></record>